@article{arbogast2002self,
  author  = {Arbogast, Todd and Huang, Chieh-Sen},
  title   = {Self-Adaptive Theta Schemes for solving Hyperbolic Conservation Laws},
  journal = {IMA Journal of Numerical Analysis},
  volume  = {42},
  number  = {4},
  pages   = {3430--3463},
  year    = {2022},
}

@article{mishra2017numerical,
  author  = {Mishra, Siddhartha and Fjordholm, Ulrik Skre and Abgrall, RÃ©mi},
  title   = {Numerical methods for conservation laws and related equations},
  journal = {},
  volume  = {},
  pages   = {},
  year    = {},
}
